@misc{1,
URL="https://matplotlib.org/stable/gallery/subplots_axes_and_figures/subplots_demo.html"}
@misc{2,
URL="https://www.geeksforgeeks.org/python-program-to-recursively-scrape-all-the-urls-of-the-website/"
}
@misc{3,
URL="https://docs.python.org/3/library/argparse.html"}